<record><leader>00000cas a22000007a 4500</leader><controlfield tag="001">11295575</controlfield><controlfield tag="008">841022d18941894mtudn ne      0    0eng d</controlfield><datafield ind1=" " ind2=" " tag="010"><subfield code="a">sn 84036212 </subfield></datafield><datafield ind1=" " ind2=" " tag="040"><subfield code="a">MTL</subfield><subfield code="b">eng</subfield><subfield code="c">MTL</subfield><subfield code="d">OCLCQ</subfield></datafield><datafield ind1=" " ind2=" " tag="042"><subfield code="a">msc</subfield></datafield><datafield ind1="0" ind2="0" tag="245"><subfield code="a">Helena evening telegram.</subfield></datafield><datafield ind1=" " ind2=" " tag="260"><subfield code="a">Helena, Mont. :</subfield><subfield code="b">Helena Evening Telegram (Co-operative),</subfield><subfield code="c">1894.</subfield></datafield><datafield ind1=" " ind2=" " tag="300"><subfield code="a">1 v. :</subfield><subfield code="b">ill. ;</subfield><subfield code="c">55 cm.</subfield></datafield><datafield ind1=" " ind2=" " tag="310"><subfield code="a">Daily (except Sun.)</subfield></datafield><datafield ind1="0" ind2=" " tag="362"><subfield code="a">-first year, no. 62 (Dec. 19, 1894).</subfield></datafield><datafield ind1="1" ind2=" " tag="362"><subfield code="a">Began in Oct. 1894.</subfield><subfield code="z">Cf. Gregory, W. Amer. newspapers, and Helena news.</subfield></datafield><datafield ind1=" " ind2=" " tag="500"><subfield code="a">"The Evening Telegram is populistic in politics."</subfield></datafield><datafield ind1=" " ind2=" " tag="588"><subfield code="a">Description based on: First year, no. 5 (Oct. 12, 1894).</subfield></datafield><datafield ind1=" " ind2=" " tag="752"><subfield code="a">United States</subfield><subfield code="b">Montana</subfield><subfield code="c">Lewis and Clark</subfield><subfield code="d">Helena.</subfield></datafield><datafield ind1="0" ind2="0" tag="780"><subfield code="t">Helena news (Helena, Mont. : 1893)</subfield><subfield code="w">(DLC)sn 84036211</subfield></datafield><datafield ind1="0" ind2="0" tag="785"><subfield code="t">Helena news (Helena, Mont. : 1895)</subfield><subfield code="w">(DLC)sn 84036213</subfield></datafield><datafield ind1="1" ind2=" " tag="029"><subfield code="a">AU@</subfield><subfield code="b">000025811269</subfield></datafield></record>